<record><leader>00000cas a22000007a 4500</leader><controlfield tag="001">16800792</controlfield><controlfield tag="008">871002d19271928pauwr ne      0    0eng d</controlfield><datafield ind1=" " ind2=" " tag="010"><subfield code="a">sn 87078367 </subfield></datafield><datafield ind1=" " ind2=" " tag="040"><subfield code="a">NPH</subfield><subfield code="b">eng</subfield><subfield code="c">NPH</subfield><subfield code="d">OCLCQ</subfield></datafield><datafield ind1=" " ind2=" " tag="042"><subfield code="a">msc</subfield></datafield><datafield ind1="0" ind2=" " tag="130"><subfield code="a">McKean Democrat (Smethport, Pa. : 1927)</subfield></datafield><datafield ind1="1" ind2="0" tag="245"><subfield code="a">McKean Democrat.</subfield></datafield><datafield ind1=" " ind2=" " tag="260"><subfield code="a">Smethport, Pa. :</subfield><subfield code="b">Democrat Pub. Co.,</subfield><subfield code="c">1927-1928.</subfield></datafield><datafield ind1=" " ind2=" " tag="300"><subfield code="a">1 v.</subfield></datafield><datafield ind1=" " ind2=" " tag="310"><subfield code="a">Weekly</subfield></datafield><datafield ind1="0" ind2=" " tag="362"><subfield code="a">Vol. 52, no. 1 (Jan. 6, 1927)-v. 53, no. 26 (June 28, 1928.).</subfield></datafield><datafield ind1=" " ind2=" " tag="752"><subfield code="a">United States</subfield><subfield code="b">Pennsylvania</subfield><subfield code="c">McKean</subfield><subfield code="d">Smethport.</subfield></datafield><datafield ind1="0" ind2="0" tag="780"><subfield code="t">McKean County Democrat (Smethport, Pa. : 1924)</subfield><subfield code="w">(DLC)sn 87078368</subfield></datafield><datafield ind1="0" ind2="0" tag="785"><subfield code="t">McKean County Democrat (Smethport, Pa. : 1928)</subfield><subfield code="w">(DLC)sn 87078366</subfield></datafield></record>